@book{tanenbaum2007distributed,
  title={Distributed Systems: Principles and Paradigms},
  author={Tanenbaum, A.S. and van Steen, M.},
  isbn={9780136135531},
  lccn={2006024063},
  url={https://books.google.de/books?id=UKDjLQAACAAJ},
  year={2007},
  publisher={Pearson Prentice Hall}
}
@misc{godot,
  title        = "Godot Engine",
  howpublished = "\url{https://godotengine.org/}",
  note         = "Zuletzt Aufgerufen 19.09.2024"
}


@STRING{ jan = "Januar" }
@STRING{ feb = "Februar" }
@STRING{ mar = "M{\"a}rz" }
@STRING{ apr = "April" }
@STRING{ may = "Mai" }
@STRING{ jun = "Juni" }
@STRING{ jul = "Juli" }
@STRING{ aug = "August" }
@STRING{ sep = "September" }
@STRING{ oct = "Oktober" }
@STRING{ nov = "November" }
@STRING{ dec = "Dezember" }